<record xmlns="http://www.loc.gov/MARC21/slim" xmlns:xsi="http://www.w3.org/2001/XMLSchema-instance" xsi:schemaLocation="http://www.loc.gov/MARC21/slim http://www.loc.gov/standards/marcxml/schema/MARC21slim.xsd"><leader>01691nam a2200373   4500</leader><controlfield tag="001">1681697</controlfield><controlfield tag="003">NIC</controlfield><controlfield tag="006">m        d        </controlfield><controlfield tag="007">cr cn |||m|||a</controlfield><controlfield tag="008">150222m19481951sy      o     000 0 araod</controlfield><datafield ind1=" " ind2=" " tag="040"><subfield code="a">NNU</subfield><subfield code="b">eng</subfield><subfield code="e">rda</subfield><subfield code="c">NNU</subfield></datafield><datafield ind1=" " ind2=" " tag="043"><subfield code="a">ma-----</subfield></datafield><datafield ind1=" " ind2="4" tag="050"><subfield code="a">DS38</subfield><subfield code="b">.K8 1948</subfield></datafield><datafield ind1="1" ind2=" " tag="100"><subfield code="6">880-01</subfield><subfield code="a">Kurd &#699;Ali&#772;, Muh&#803;ammad,</subfield><subfield code="d">1876-1953.</subfield></datafield><datafield ind1="1" ind2="3" tag="245"><subfield code="6">880-02</subfield><subfield code="a">al-Mudhakkira&#772;t /</subfield><subfield code="c">Muh&#803;ammad Kurd &#699;Ali&#772;.</subfield></datafield><datafield ind1=" " ind2=" " tag="260"><subfield code="6">880-03</subfield><subfield code="a">Dimashq :</subfield><subfield code="b">Mat&#803;ba&#699;at al-Turki&#772;,</subfield><subfield code="c">1948-1951.</subfield></datafield><datafield ind1=" " ind2=" " tag="300"><subfield code="a">online resource (4 volumes (1320 pages))</subfield></datafield><datafield ind1=" " ind2=" " tag="336"><subfield code="a">text</subfield><subfield code="2">rdacontent</subfield></datafield><datafield ind1=" " ind2=" " tag="337"><subfield code="a">computer</subfield><subfield code="2">rdamedia</subfield></datafield><datafield ind1=" " ind2=" " tag="338"><subfield code="a">online resource</subfield><subfield code="2">rdacarrier</subfield></datafield><datafield ind1=" " ind2=" " tag="500"><subfield code="a">Part of the Arabic Collections Online (ACO) project, contributed by Cornell University Libraries.</subfield></datafield><datafield ind1=" " ind2=" " tag="533"><subfield code="a">Electronic reproduction.</subfield><subfield code="b">New York, N.Y. :</subfield><subfield code="c">New York University,</subfield><subfield code="d">2015.</subfield><subfield code="5">NNU</subfield></datafield><datafield ind1=" " ind2="0" tag="650"><subfield code="a">Civilization, Arab.</subfield></datafield><datafield ind1=" " ind2="7" tag="650"><subfield code="a">Civilization, Arab.</subfield><subfield code="2">fast</subfield><subfield code="0">(OCoLC)fst00862967</subfield></datafield><datafield ind1="2" ind2=" " tag="710"><subfield code="a">Cornell University.</subfield><subfield code="b">Libraries.</subfield></datafield><datafield ind1="0" ind2=" " tag="730"><subfield code="a">Arabic Collections Online.</subfield></datafield><datafield ind1="0" ind2="8" tag="776"><subfield code="i">Online version:</subfield><subfield code="a">Kurd &#699;Ali&#772;, Muh&#803;ammad, 1876-1953.</subfield><subfield code="t">Mudhakkira&#772;t.</subfield><subfield code="d">Dimashq : Mat&#803;ba&#699;at al-Turki&#772;, 1948-1951</subfield><subfield code="w">(OCoLC)551708603</subfield></datafield><datafield ind1="0" ind2="8" tag="776"><subfield code="i">Print version:</subfield><subfield code="a">Kurd &#699;Ali&#772;, Muh&#803;ammad, 1876-1953.</subfield><subfield code="t">al-Mudhakkira&#772;t</subfield><subfield code="w">(NIC)1681697</subfield><subfield code="w">(OCoLC)9064898</subfield></datafield><datafield ind1="4" ind2="0" tag="856"><subfield code="u">http://hdl.handle.net/2333.1/gxd256f3</subfield></datafield><datafield ind1="1" ind2=" " tag="880"><subfield code="6">100-01/r</subfield><subfield code="a">&#1603;&#1585;&#1583; &#1593;&#1604;&#1610;&#1548; &#1605;&#1581;&#1605;&#1583;&#1548;</subfield><subfield code="d">1876-1953.</subfield></datafield><datafield ind1="1" ind2="2" tag="880"><subfield code="6">245-02/r</subfield><subfield code="a">&#1575;&#1604;&#1605;&#1584;&#1603;&#1585;&#1575;&#1578; /</subfield><subfield code="c">&#1605;&#1581;&#1605;&#1583; &#1603;&#1585;&#1583; &#1593;&#1604;&#1610;.</subfield></datafield><datafield ind1=" " ind2=" " tag="880"><subfield code="6">260-03/r</subfield><subfield code="a">&#1583;&#1605;&#1588;&#1602; :</subfield><subfield code="b">&#1605;&#1591;&#1576;&#1593;&#1577; &#1575;&#1604;&#1578;&#1585;&#1603;&#1610;&#1548;</subfield><subfield code="c">1948-1951.</subfield></datafield><datafield ind1=" " ind2=" " tag="959"><subfield code="a">NNU</subfield><subfield code="b">WEB</subfield><subfield code="c">GENI</subfield><subfield code="t">0</subfield><subfield code="m">Electronic access</subfield><subfield code="s">01</subfield></datafield><datafield ind1=" " ind2=" " tag="999"><subfield code="i">NIC_1681697</subfield><subfield code="o">(OCoLC)ocm09064898</subfield><subfield code="s">cornell_aco000022:juz3</subfield></datafield></record>